<record><leader>00000cas a22000007a 4500</leader><controlfield tag="001">15193521</controlfield><controlfield tag="008">870213d19741976msudr ne      0    0eng d</controlfield><datafield ind1=" " ind2=" " tag="010"><subfield code="a">sn 87065130 </subfield></datafield><datafield ind1=" " ind2=" " tag="040"><subfield code="a">MJA</subfield><subfield code="b">eng</subfield><subfield code="c">MJA</subfield><subfield code="d">MSJ</subfield><subfield code="d">OCLCQ</subfield></datafield><datafield ind1=" " ind2=" " tag="042"><subfield code="a">msc</subfield></datafield><datafield ind1="0" ind2=" " tag="130"><subfield code="a">Commonwealth (Greenwood, Miss. : 1974)</subfield></datafield><datafield ind1="1" ind2="0" tag="245"><subfield code="a">Commonwealth.</subfield></datafield><datafield ind1=" " ind2=" " tag="260"><subfield code="a">Greenwood, Miss. :</subfield><subfield code="b">Commonwealth Pub. Co.,</subfield><subfield code="c">1974-1976.</subfield></datafield><datafield ind1=" " ind2=" " tag="310"><subfield code="a">Daily</subfield></datafield><datafield ind1="0" ind2=" " tag="362"><subfield code="a">[Vol. 78] no. 3 (Jan. 4, 1974)-v. 80, no. 260 (Nov. 1, 1976).</subfield></datafield><datafield ind1=" " ind2=" " tag="752"><subfield code="a">United States</subfield><subfield code="b">Mississippi</subfield><subfield code="c">Leflore</subfield><subfield code="d">Greenwood.</subfield></datafield><datafield ind1="0" ind2="0" tag="780"><subfield code="t">Greenwood commonwealth</subfield><subfield code="w">(DLC)sn 84020126</subfield><subfield code="w">(OCoLC)10365695</subfield></datafield><datafield ind1="0" ind2="0" tag="785"><subfield code="t">Greenwood commonwealth (Greenwood, Miss. : 1976)</subfield><subfield code="w">(OCoLC)15193645</subfield></datafield></record>